@article{weiser1991computer,
  title     = {The Computer for the 21 st Century},
  author    = {Weiser, Mark},
  journal   = {Scientific american},
  volume    = {265},
  number    = {3},
  pages     = {94--105},
  year      = {1991},
  publisher = {JSTOR}
}

@article{satyanarayanan2001pervasive,
    issn      = {1070-9916},
    abstract  = {This article discusses the challenges in computer systems research posed by the emerging field of pervasive computing. It first examines the relationship of this new field to its predecessors: distributed systems and mobile computing. It then identifies four new research thrusts: effective use of smart spaces, invisibility, localized scalability, and masking uneven conditioning. Next, it sketches a couple of hypothetical pervasive computing scenarios, and uses them to identify key capabilities missing from today's systems. The article closes with a discussion of the research necessary to develop these capabilities.},
    journal   = {IEEE personal communications},
    pages     = {10--17},
    volume    = {8},
    publisher = {IEEE},
    number    = {4},
    year      = {2001},
    title     = {Pervasive computing: vision and challenges},
    language  = {eng},
    address   = {NEW YORK},
    author    = {Satyanarayanan, M.},
    keywords  = {Access protocols ; Computation ; Computer Science ; Computer Science Hardware & Architecture ; Computer Science Information Systems ; Computer vision ; Conditioning ; Engineering ; Engineering Electrical & Electronic ; Joining ; Masking ; Mobile computing ; Personal communication ; Pervasive computing ; Resource management ; Scalability ; Science & Technology ; Sketches ; Space technology ; TCPIP ; Technology ; Telecommunications ; Thrust ; Transcoding ; Ubiquitous computing ; Vision ; Wireless application protocol},
}


@misc{docker2023docker,
 title         = {Docker: Accelerated, Containerized Application Development},
 url           = {https://docker.com/},
 author        = {Docker{\ }INC},
 year          = {2023},
 urlaccessdate = {10 mar. 2023}
}

@misc{google2023kubernetes,
 title         = {Kubernetes: an open-source system for automating deployment, scaling, and management of containerized applications},
 url           = {https://kubernetes.io},
 author        = {Google},
 year          = {2023},
 urlaccessdate = {10 mar. 2023}
}

@misc{canonical2023microk8s,
 title         = {MicroK8s: a small, fast, single-package Kubernetes for developers, IoT and edge},
 url           = {https://microk8s.io/},
 author        = {Canonical},
 year          = {2023},
 urlaccessdate = {18 abr. 2023}
}


@misc{rabbitmq2023rabbitmq,
 title         = {Messaging that just works},
 url           = {https://www.rabbitmq.com/},
 author        = {RabbitMQ},
 year          = {2023},
 urlaccessdate = {10 mar. 2023}
}

@misc{zipkin2023zipkin,
 title         = {Zipkin: a distributed tracing system.},
 url           = {https://zipkin.io/},
 author        = {Zipkin},
 year          = {2023},
 urlaccessdate = {10 mar. 2023}
}

@phdthesis{carmo2021arquitetura, 
    place    = {Vitória}, 
    title    = {Uma Arquitetura de Microsserviços centrada na Observabilidade Multinível para Espaços Inteligentes baseados em Visão Computacional},
    school   = {UFES}, 
    author   = {Alexandre Pereira do Carmo}, 
    year     = {2021},
    url      = {https://engenhariaeletrica.ufes.br/pt-br/pos-graduacao/PPGEE/detalhes-da-tese?id=14968},
    abstract = {Espaços Inteligentes são espaços físicos equipados com uma rede de sensores e atuadores, além de serviços de computação. Eles devem ser capazes de observar o ambiente e tomar decisões de forma a atender as necessidades dos seus usuários. Diferentes domínios podem ser atendidos pelos Espaços Inteligentes, dentre esses domínios destacam-se aqueles baseados em visão computacional. Estes últimos possuem câmeras como principal sensor, as quais coletam e processam uma variedade de informações. Devido ao grande volume de dados e a complexidade para seu processamento, aplicações de visão computacional possuem um conjunto de requisitos específicos e rigorosamente correlacionados que precisam ser atendidos. É comum que os requisitos de uma aplicação sejam definidos por elementos da infraestrutura. Porém, há requisitos específicos que somente a aplicação tem conhecimento e apenas ela poderá mensurá-los. Ainda que as informações sobre esses requisitos estejam no domínio da aplicação, eles podem ser diretamente impactados pelos recursos ofertados pela infraestrutura. Portanto, requisitos da infraestrutura tais como a taxa de transferência de dados, a capacidade de processamento ou o tempo de resposta estão rigorosamente correlacionados entre si e aos requisitos específicos das aplicações. Se por si só, atender simultaneamente a todos esses requisitos é um problema não trivial de ser resolvido, ele se agrava ainda mais ao se considerar algumas características dos espaços inteligentes baseados em visão computacional. Tais espaços devem ser escaláveis, capazes de abrigar múltiplas aplicações com requisitos que podem ou não ser dinâmicos. Por isso, a infraestrutura deve ser capaz de se modificar dinamicamente, de forma a atender continuamente aos requisitos, ao mesmo tempo que busca o uso racional dos recursos disponíveis, evitando sua sub ou super alocação. É nesse contexto que o trabalho apresentado nessa tese busca contribuir. O principal desafio é buscar uma forma de atender tanto aos requisitos específicos das aplicações quanto aos requisitos rigorosos e correlacionados da infraestrutura, garantindo o uso racional dos recursos disponíveis. Assim, a principal contribuição desse trabalho está em propor uma arquitetura para Espaços Inteligentes baseados em visão computacional com dois habilitadores essenciais: i) orquestração multinível centrada na observabilidade conjugada das aplicações e das camadas de infraestrutura; e ii) programabilidade granular da infraestrutura. A arquitetura proposta foi implementada em diferentes ambientes, com múltiplas aplicações e estudos de caso foram realizados como prova de conceito para sua validação.}
}  

@mastersthesis{cotta2020medicao,
  author   = {Wagner Augusto Aranda Cotta},
  title    = {Medição de tempo de comunicação e exibição de tempo de resposta para Espaços Inteligentes Programáveis}, 
  year     = {2020},
  school   = {UFES},
  url      = {https://engenhariaeletrica.ufes.br/pt-br/pos-graduacao/PPGEE/detalhes-da-tese?id=13368},
  abstract = {O conceito de cidades inteligentes como área urbanizada onde vários setores cooperam para alcançar resultados sustentáveis traz agregado, direta e indiretamente, uma grande quantidade de tecnologias e conceitos. Uma cidade inteligente pode ser estudada através da correspondência com um espaço inteligente programável, que é um espaço físico equipado com uma rede de sensores, que obtém informações sobre o mundo que observa, e uma rede de atuadores, que permite sua interação com os usuários e a modificação do próprio ambiente através de serviços de computação. Para enfrentar os desafios emergentes da implementação desse espaço, os paradigmas de sistemas distribuídos, juntamente com a arquitetura de Internet das Coisas, vem sendo amplamente utilizados devido as suas vantagens. Assim, no Laboratório de Visão Computacional e Robótica da Universidade Federal do Espírito Santo (UFES) foi criado um Espaço Inteligente Programável utilizando-se uma arquitetura IoT baseada em broker e um sistema de forma distribuída, onde os conceitos de cidades inteligentes encontram-se aplicados. Algumas aplicações desenvolvidas para esse espaço inteligente utilizam câmeras como principal sensor e possuem, como um dos seus requisitos, o funcionamento em tempo real. Dessa forma, é levantada a questão da sensibilidade ao tempo de resposta, onde, para um perfeito funcionamento, o sistema tem uma janela de tempo para uma execução de todos os serviços em cadeia. O tempo de resposta pode ser observado utilizando ferramentas de tracing, quando se trata de processamento, contudo no que diz respeito à comunicação, há uma ausência de ferramentas específicas, o que deixa claro a necessidade do desenvolvimento de uma maneira capaz de medir a comunicação, especialmente para microsserviços. Sabendo da importância das medições na depuração de tais aplicações e da falta de ferramentas que realizam uma medição completa do tempo de resposta para o espaço inteligente, nesta dissertação de mestrado é apresentada uma proposta de solução que realiza a medição da comunicação em um sistema distribuído baseado em microsserviços. Além disso, tal informação é agregada junto do tempo medido no processamento por outros meios, para que o tempo de resposta seja mais fielmente mensurado e exibido em uma ferramenta de tracing. Para fins de validação, a proposta foi aplicada em duas situações: utilizando serviços criados para depuração e utilizando uma aplicação real desenvolvida anteriormente à concepção deste trabalho. Ao final, uma discussão é feita envolvendo as conclusões alcançadas com este trabalho e melhorias para a solução proposta, enumerando possíveis trabalhos futuros.}
}

@article{rampinelli2014localization,
    author   = {Mariana Rampinelli and Vitor Buback Covre and Felippe Mendonça de Queiroz and Raquel Frizera Vassallo and Teodiano Freire Bastos-Filho and Manuel Mazo},
    title    = {An Intelligent Space for Mobile Robot Localization Using a Multi-Camera System},
    journal  = {Sensors},
    volume   = {14},
    year     = {2014},
    number   = {8},
    pages    = {15039--15064},
    url      = {https://doi.org/10.3390/s140815039},
    issn     = {1424-8220},
    doi      = {10.3390/s140815039},
    abstract = {This paper describes an intelligent space, whose objective is to localize and control robots or robotic wheelchairs to help people. Such an intelligent space has 11 cameras distributed in two laboratories and a corridor. The cameras are fixed in the environment, and image capturing is done synchronously. The system was programmed as a client/server with TCP/IP connections, and a communication protocol was defined. The client coordinates the activities inside the intelligent space, and the servers provide the information needed for that. Once the cameras are used for localization, they have to be properly calibrated. Therefore, a calibration method for a multi-camera network is also proposed in this paper. A robot is used to move a calibration pattern throughout the field of view of the cameras. Then, the captured images and the robot odometry are used for calibration. As a result, the proposed algorithm provides a solution for multi-camera calibration and robot localization at the same time. The intelligent space and the calibration method were evaluated under different scenarios using computer simulations and real experiments. The results demonstrate the proper functioning of the intelligent space and validate the multi-camera calibration method, which also improves robot localization.}
}

@article{carmo2019attocell,
    author   = {Alexandre Pereira do Carmo and Raquel Frizera Vassallo and Felippe Mendonça de Queiroz and Rodolfo Picoreti and Mariana Rampinelli and Roberta Gomes and Magnos Martinello and Cristina Dominicini and Rafael Guimaraes and Anilton Salles Garcia and Moisés Renato Nunes Ribeiro and Dimitra Simeonidou},
    year     = {2019},
    month    = {11},
    pages    = {e3610},
    title    = {Programmable intelligent spaces for Industry 4.0: Indoor visual localization driving attocell networks},
    volume   = {30},
    journal  = {Transactions on Emerging Telecommunications Technologies},
    doi      = {10.1002/ett.3610},
    url      = {https://doi.org/10.1002/ett.3610},
    abstract = {Real-time and mission-critical applications for Industry 40 demand fast and reliable communication. Therefore, knowing devices location is essential, but GPS is of little use indoors, whereas electromagnetic impairments and interferences demand new approaches to ensure reliability. The challenges include real-time feedback with end‐to‐end (E2E) low latency, high data density due to large number of IoT devices per area, and smaller communication cells, which increases the handover frequency and complexity. To tackle these issues, we introduce a programmable intelligent space (PIS) to deploy attocells, enable E2E programmability, and provide a precise computer vision localization system and networking programmability based on software‐defined networking. To validate our approach, experiments were conducted, controlling a mobile robot through a trajectory. We demonstrate the need for higher camera frame rate to achieve tighter precision, evaluating different trade‐offs on localization, bandwidth, and latency. Results have shown that PIS wireless attocell handover achieves seamlessly mobile communication, delivering packets within the deadline window, with similar performance to a no handover baseline.}
}

@inproceedings{picoreti2018observability,
  author    = {Rodolfo Picoreti and Alexandre Pereira do Carmo and Felippe Mendonça de Queiroz and Anilton Salles Garcia and Raquel Frizera Vassallo and Dimitra Simeonidou},
  booktitle = {2018 IEEE 16th Intl Conf on Dependable, Autonomic and Secure Computing, 16th Intl Conf on Pervasive Intelligence and Computing, 4th Intl Conf on Big Data Intelligence and Computing and Cyber Science and Technology Congress(DASC/PiCom/DataCom/CyberSciTech)}, 
  title     = {Multilevel Observability in Cloud Orchestration}, 
  year      = {2018},
  volume    = {},
  number    = {},
  pages     = {776-784},
  doi       = {10.1109/DASC/PiCom/DataCom/CyberSciTec.2018.00134},
  url       = {https://doi.org/10.1109/DASC/PiCom/DataCom/CyberSciTec.2018.00134},
  publisher = {IEEE},
  abstract  = {Cloud infrastructures can provide resource sharing between many applications and usually can meet the requirements of most of them. However, in order to enable an efficient usage of these resources, automatic orchestration is required. Commonly, automatic orchestration tools are based on the observability of the infrastructure itself, but that is not enough in some cases. Certain classes of applications have specific requirements that are difficult to meet, such as low latency, high bandwidth and high computational power. To properly meet these requirements, orchestration must be based on multilevel observability, which means collecting data from both the application and the infrastructure levels. Thus in this work we developed a platform aiming to show how multilevel observability can be implemented and how it can be used to improve automatic orchestration in cloud environments. As a case study, an application of computer vision and robotics, with very demanding requirements, was used to perform two experiments and illustrate the issues addressed in this paper. The results confirm that cloud orchestration can largely benefit from multilevel observability by allowing specific application requirements to be met, as well as improving the allocation of infrastructure resources.}
}

@techreport{sigelman2010tracing,
    title	= {Dapper, a Large-Scale Distributed Systems Tracing Infrastructure},
    author	= {Benjamin H. Sigelman and Luiz André Barroso and Mike Burrows and Pat Stephenson and Manoj Plakal and Donald Beaver and Saul Jaspan and Chandan Shanbhag},
    year	= {2010},
    URL	= {https://research.google.com/archive/papers/dapper-2010-1.pdf},
    institution	= {Google, Inc.}
}



@article{almonfrey2018humandetector,
    author   = {Douglas Almonfrey and Alexandre Pereira do Carmo and Felippe Mendonça de Queiroz and Rodolfo Picoreti and Raquel Frizera Vassallo and Evandro Ottoni Teatini Salles},
    title    = {A flexible human detection service suitable for Intelligent Spaces based on a multi-camera network},
    journal  = {International Journal of Distributed Sensor Networks},
    volume   = {14},
    number   = {3},
    year     = {2018},
    doi      = {10.1177/1550147718763550},
    url      = {https://doi.org/10.1177/1550147718763550},
    abstract = { The research field of the Intelligent Spaces has experienced increasing attention in the last decade. As an instance of the ubiquitous computing paradigm, the general idea is to extract information from the ambient and use it to interact and provide services to the actors present in the environment. The sensory analysis is mandatory in this area and humans are usually the principal actors involved. In this sense, we propose a human detector to be used in an Intelligent Space based on a multi-camera network. Our human detector is implemented in the same paradigm of our Intelligent Space. As a contribution of the present work, the human detector is designed to be a service that is scalable, reliable and parallelizable. It is also a concern of our service to be flexible, less structured as possible, attending different Intelligent Space applications and services, as well as their requirements. As it can be found in different everyday environments, a multi-camera system is used to overcome some difficulties traditionally faced by existing human detection approaches. To validate our approach, we implement three different applications that are proof of concept of many day-to-day real tasks. Two of these applications involve human–robot interaction. With respect to time and detection performance requirements, our human detection service has proved to be suitable for interacting with the other services of our Intelligent Space, in order to successfully complete the tasks of each applications.}
}

@inproceedings{queiroz2018skeletons3d,
    author    = {Felippe Mendonça de Queiroz and Rodolfo Picoreti and Clebeson Canuto and Mariana Rampinelli and Raquel Frizera Vassallo},
    year      = {2018},
    month     = {11},
    pages     = {108--115},
    address   = {Ilhéus, BA, Brasil},
    publisher = {SBC},
    title     = {Estimating Tridimensional Coordinates of Skeleton Joints in a Multicamera System},
    booktitle = {Anais do XIV Workshop de Visão Computacional},
    abstract  = {Tridimensional localization of individuals' joints or skeletons is essential for many applications, which may vary from action and gesture recognition to gate analysis and video games. Usually, RGB-D sensors are preferred due to their facility in providing 3D data. However, such sensors have limitations as small field of view, short range and restricted use for indoors. Moreover, the use of CNNs benefited new approaches for skeletons detection on conventional images, with small evaluation time. Also, it's common to find multi-camera networks in many workplaces, mainly used for surveillance. With this in mind, we present a methodology to recover the 3D position of people's joints, using just a network of conventional cameras. It involves a 2D skeleton detection followed by a grouping and matching stage for 3D localization. The method was evaluated using a well-known dataset and was already tested in our experimental infrastructure. Our recent results are presented and discussed.}
}

@inproceedings{izabel2022mobilysa,
    author    = {Vinícius Hernec Izabel and Matheus Dutra de Oliveira and Mateus Menines and Raquel Frizera Vassallo and Leonardo Silva and Alexandre Pereira do Carmo},
    title     = {Implantação do Sistema MobiLysa em Espaços Inteligentes Programáveis},
    booktitle = {Anais do XIV Simpósio Brasileiro de Computação Ubíqua e Pervasiva},
    location  = {Niterói},
    year      = {2022},
    keywords  = {},
    issn      = {2595-6183},
    pages     = {61--70},
    publisher = {SBC},
    address   = {Porto Alegre, RS, Brasil},
    doi       = {10.5753/sbcup.2022.222879},
    url       = {https://sol.sbc.org.br/index.php/sbcup/article/view/20611},
    abstract  = {O cão-guia robô Lysa foi desenvolvido para auxiliar pessoas com deficiência visual em sua locomoção alertando sobre os obstáculos no caminho. Entretanto este robô ainda não é capaz de guiar a pessoa até um local desejado. Com a premissa de cumprir este objetivo, foi criado o MobiLysa, que é um sistema que integra o processo de localização, controle e navegação da Lysa em ambientes internos, o que é feito por meio de um espaço inteligente programável baseado em visão computacional. Este artigo relata a implantação desse sistema em um espaço inteligente programável e a realização dos primeiros testes experimentais dos serviços de navegação usando um robô móvel para a prova de conceito do sistema.}
}

@inproceedings{custodio2020interacional,
    author    = {Pedro Custodio and Felippe de Queiroz and Douglas Almonfrey and Wagner Cotta and Alexandre do Carmo and Raquel Vassallo},
    title     = {Proposta de um Ambiente Interacional baseado em um Espaço Inteligente Programável},
    booktitle = {Anais do XII Simpósio Brasileiro de Computação Ubíqua e Pervasiva},
    location  = {Cuiabá},
    year      = {2020},
    keywords  = {},
    issn      = {2595-6183},
    pages     = {181--190},
    publisher = {SBC},
    address   = {Porto Alegre, RS, Brasil},
    doi       = {10.5753/sbcup.2020.11224},
    url       = {https://sol.sbc.org.br/index.php/sbcup/article/view/11224}
}

@monography{queiroz2016infraestruturaespaco,
    author   = {Felippe Mendonça de Queiroz},
    title    = {Desenvolvimento da Infraestrutura de um Espaço Inteligente baseado em Visão Computacional e IoT},
    year     = {2016},
    school   = {UFES},
    type     = {Graduação},
    address  = {Vitória},
    abstract = {Dispositivos eletrônicos e robóticos vem se tornando cada vez mais acessíveis a usuários residenciais, trazendo mais conforto, praticidade e segurança. Esse avanço possibilitou a criação de ambientes equipados com uma rede de sensores e capazes de tomar decisões de acordo com as necessidades do usuário. Surge então o termo ambientes inteligentes. Diversas pesquisas desenvolvidas em ambientes inteligentes utilizam informações de localização e rastreamento de objetos móveis para realizar o controle de um robô no ambiente, ou ainda, detectar pessoas e reconhecer gestos, como uma maneira de interface com o usuário. Essas e outras aplicações fazem com que as câmeras sejam sensores interessantes para equipar ambientes inteligentes. Um dos problemas encontrados na implementação de um espaço inteligente é a interconexão dos diferentes tipos de dispositivos que o compõe. Assim, a hipótese levantada por este projeto é que o uso do conceito de Internet das coisas (IoT, do inglês Internet Of Things) pode auxiliar no desenvolvimento de uma arquitetura para o espaço inteligente que seja flexível e escalável, melhorando, assim, o seu desempenho e tornando-o mais intuitivo para o usuário. Desta maneira, este trabalho tem como objetivo desenvolver uma infraestrutura para um espaço inteligente baseado em visão computacional e em Internet das coisas. A infraestrutura deve prover suporte para o desenvolvimento de aplicações em diversos temas, tais como visão computacional, reconhecimento de padrões e robótica móvel. Essa infraestrutura deve ser flexível de tal forma que seja possível substituir os equipamentos por outros de marcas e/ou modelos diferentes, ou ainda, incorporar novos dispositivos, sem que grandes alterações na infraestrutura sejam necessárias. Isso é possível a partir da padronização das diferentes camadas da arquitetura, de forma que alterações em uma camada não interfira em outra.}
}


% ---------------------------------------------------------------------
% --------------------------- VIRTUALIZATION --------------------------
% ---------------------------------------------------------------------
@article{eder2016virtualization,
  doi       = {10.2313/NET-2016-07-1_01},
  url       = {http://www.net.in.tum.de/fileadmin/TUM/NET/NET-2016-07-1/NET-2016-07-1_01.pdf},
  author    = {Michael Eder},
  language  = {en},
  title     = {Hypervisor- vs. Container-based Virtualization},
  publisher = {Chair for Network Architectures and Services, Department of Computer Science, Technische Universität München},
  year      = {2016}
}

@article{potdar2020docker,
    author   = {Potdar, Amit and Narayan, DG and Kengond, Shivaraj and Mulla, Mohammed},
    year     = {2020},
    month    = {01},
    pages    = {1419-1428},
    title    = {Performance Evaluation of Docker Container and Virtual Machine},
    volume   = {171},
    journal  = {Procedia Computer Science},
    doi      = {10.1016/j.procs.2020.04.152},
    abstract = {Server virtualization is a technological innovation broadly used in IT enterprises. Virtualization provides a platform to run different services of operating systems on the cloud. It facilitates to build multiple virtual machines on a single basic physical machine either in the form of hypervisors or containers. To host many microservice applications, the emergent technology has introduced a model which consists of different operations performed by smaller individual deployed services. Thus, the demand for low-overhead virtualization technique is rapidly developing. There are many lightweight virtualization technologies; docker is one among them, which is an open-source platform. This technology allows developers and system admins to build, create, and run applications using docker engine. This paper provides the performance evaluation of Docker containers and virtual machines using standard benchmark tools such as Sysbench, Phoronix, and Apache benchmark, which include CPU performance, Memory throughput, Storage read/write performance, load test, and operation speed measurement.}
}

@inproceedings{jain2016virtualization,
  author    = {Nancy Jain and Sakshi Choudhary},
  booktitle = {2016 Symposium on Colossal Data Analysis and Networking (CDAN)}, 
  title     = {Overview of virtualization in cloud computing}, 
  year      = {2016},
  volume    = {},
  number    = {},
  pages     = {1-4},
  doi       = {10.1109/CDAN.2016.7570950},
  publisher = {IEEE},
  address   = {Indore, India},
  abstract  = {The hottest area of research in these days is cloud computing which goes in parallel with one more important concept in the development of hardware and software, virtualization technology. In this research paper, we will discuss about virtualization, before and after virtualization, its role in cloud computing, brief view about hypervisor, storage virtualization, server virtualization, benefits of virtualization.}
}

% ---------------------------------------------------------------------
% --------------------------- CLOUD COMPUTING -------------------------
% ---------------------------------------------------------------------
@article{mohammed2021sufficient,
  title     = {Sufficient comparison among cloud computing services: IaaS, PaaS, and SaaS: A review},
  author    = {Mohammed, Chnar Mustafa and Zeebaree, Subhi RM and others},
  journal   = {International Journal of Science and Business},
  volume    = {5},
  number    = {2},
  pages     = {17--30},
  year      = {2021},
  publisher = {IJSAB International},
  abstract  = {“Cloud” computing – a relatively recent term, defines the paths ahead in computer science world and it Becomes highle demanded technology in IT industry now. Basically Cloud is a collection of computer resources and provides a million of services to its user simultaneously. A Cloud provides a friendly environment to its user and various services euch Software as a service(SaaS), platform as a service(PaaS), and Infrastructure as a Service(IaaS). These services are used in Public Cloud, Private Cloud, Hybrid Cloud and Community Cloud. Cloud computing is model of computing that use the internet for sharing of information,software and resources to computer and other devices. The current major cloud service provider are Microsoft,IBM, Amason,Google. The evolution of cloud computing can handle such massive data as per on demand service. This paper describes the comparative study of cloud services}
}

@article{khan2019edge,
    title    = {Edge computing: A survey},
    journal  = {Future Generation Computer Systems},
    volume   = {97},
    pages    = {219-235},
    year     = {2019},
    issn     = {0167-739X},
    doi      = {https://doi.org/10.1016/j.future.2019.02.050},
    url      = {https://www.sciencedirect.com/science/article/pii/S0167739X18319903},
    author   = {Wazir Zada Khan and Ejaz Ahmed and Saqib Hakak and Ibrar Yaqoob and Arif Ahmed},
    keywords = {Mobile edge computing, Edge computing, Cloudlets, Fog computing, Micro clouds, Cloud computing},
    abstract = {In recent years, the Edge computing paradigm has gained considerable popularity in academic and industrial circles. It serves as a key enabler for many future technologies like 5G, Internet of Things (IoT), augmented reality and vehicle-to-vehicle communications by connecting cloud computing facilities and services to the end users. The Edge computing paradigm provides low latency, mobility, and location awareness support to delay-sensitive applications. Significant research has been carried out in the area of Edge computing, which is reviewed in terms of latest developments such as Mobile Edge Computing, Cloudlet, and Fog computing, resulting in providing researchers with more insight into the existing solutions and future applications. This article is meant to serve as a comprehensive survey of recent advancements in Edge computing highlighting the core applications. It also discusses the importance of Edge computing in real life scenarios where response time constitutes the fundamental requirement for many applications. The article concludes with identifying the requirements and discuss open research challenges in Edge computing.}
}

@article{coutinho2016nevoa,
  title   = {Computação em névoa: Conceitos, aplicações e desafios},
  author  = {Coutinho, AATR and Carneiro, Elisângela Oliveira and Greve, Fabíola Gonçalves Pereira},
  journal = {Minicursos do XXXIV SBRC},
  pages   = {266--315},
  year    = {2016}
}

% ---------------------------------------------------------------------
% --------------------------- MICROSSERVIÇOS -------------------------
% ---------------------------------------------------------------------
@article{waseem2020microservices,
title    = {A Systematic Mapping Study on Microservices Architecture in DevOps},
journal  = {Journal of Systems and Software},
volume   = {170},
pages    = {110798},
year     = {2020},
issn     = {0164-1212},
doi      = {https://doi.org/10.1016/j.jss.2020.110798},
url      = {https://www.sciencedirect.com/science/article/pii/S0164121220302053},
author   = {Muhammad Waseem and Peng Liang and Mojtaba Shahin},
keywords = {Microservices Architecture, DevOps, Systematic Mapping Study},
abstract = {Context: Applying Microservices Architecture (MSA) in DevOps has received significant attention in recent years. However, there exists no comprehensive review of the state of research this topic. Objective: This work aims to systematically identify, analyze, and classify the literature on MSA in DevOps. Methods: A Systematic Mapping Study (SMS) has been conducted on the literature published between January 2009 and July 2018. Results: Forty-seven studies were finally selected and the key results are: (1) Three themes on the research on MSA in DevOps are “microservices development and operations in DevOps”, “approaches and tool support for MSA based systems in DevOps”, and “MSA migration experiences in DevOps”. (2) 24 problems with their solutions regarding implementing MSA in DevOps are identified. (3) MSA is mainly described by using boxes and lines. (4) Most of the quality attributes are positively affected when employing MSA in DevOps. (5) 50 tools that support building MSA based systems in DevOps are collected. (6) The combination of MSA and DevOps has been applied in a wide range of application domains. Conclusion: The results and findings will benefit researchers and practitioners to conduct further research and bring more dedicated solutions for the issues of MSA in DevOps.}
}

@article{dragoni2017microservices,
  title     = {Microservices: yesterday, today, and tomorrow},
  author    = {Dragoni, Nicola and Giallorenzo, Saverio and Lafuente, Alberto Lluch and Mazzara, Manuel and Montesi, Fabrizio and Mustafin, Ruslan and Safina, Larisa},
  journal   = {Present and ulterior software engineering},
  pages     = {195--216},
  year      = {2017},
  publisher = {Springer},
  abstract  = {Microservices is an architectural style inspired by service-oriented computing that has recently started gaining popularity. Before presenting the current state-of-the-art in the field, this chapter reviews the history of software architecture, the reasons that led to the diffusion of objects and services first, and microservices later. Finally, open problems and future challenges are introduced. This survey primarily addresses newcomers to the discipline, while offering an academic view.}
}

% ---------------------------------------------------------------------
% --------------------------- COMUNICAÇÃO -----------------------------
% ---------------------------------------------------------------------
@misc{berners1996hypertext,
  title     = {RFC 1945: Hypertext transfer protocol - HTTP/1.0},
  author    = {Tim Berners-Lee and Roy Fielding and Henrik Frystyk},
  year      = {1996},
  publisher = {Internet Engineering Task Force},
  url       = {https://www.rfc-editor.org/rfc/rfc1945.html}
}

@article{vinoski2006amqp,
    issn = {1089-7801},
    abstract = {The advanced message queuing protocol (AMQP) working group's goal is to create an open standard for an interoperable enterprise-scale asynchronous messaging protocol. AMQP is finally addressing the lack of enterprise messaging interoperability standards. This relatively simple yet compellingly powerful enterprise messaging protocol is thus poised to open up a bright new era for enterprise messaging},
    journal = {IEEE internet computing},
    pages = {87--89},
    volume = {10},
    publisher = {IEEE},
    number = {6},
    year = {2006},
    title = {Advanced Message Queuing Protocol},
    language = {eng},
    address = {LOS ALAMITOS},
    author = {Vinoski, S.},
    keywords = {Advanced Message Queuing Protocol ; AMQP ; asynchronous messaging ; Computation ; Computer Science ; Computer Science Software Engineering ; Engineering profession ; Internet ; Interoperability ; Java ; Message service ; Messages ; Middleware ; Open source software ; Performance evaluation ; Queues ; Science & Technology ; Simple object access protocol ; Standards development ; Technology ; Testing},
}


@article{eugster2003pusub,
    author  = {Patrick Eugster and Pascal Felber and Rachid Guerraoui and Anne-Marie Kermarrec},
    year    = {2003},
    month   = {06},
    pages   = {114-131},
    title   = {The Many Faces of Publish/Subscribe},
    volume  = {35},
    journal = {ACM Comput. Surv.},
    doi     = {10.1145/857076.857078}
}

% ---------------------------------------------------------------------
% ------------------- TRABALHOS RELACIONADOS --------------------------
% ---------------------------------------------------------------------
@inproceedings{santoro2017foggy,
    author    = {Santoro, Daniele and Zozin, Daniel and Pizzolli, Daniele and De Pellegrini, Francesco and Cretti, Silvio},
    booktitle = {2017 IEEE International Conference on Cloud Computing Technology and Science (CloudCom)}, 
    year      = {2017},
    month     = {12},
    pages     = {231-234},
    address   = {Hong Kong, China},
    title     = {Foggy: A Platform for Workload Orchestration in a Fog Computing Environment},
    doi       = {10.1109/CloudCom.2017.62},
    publisher = {IEEE},
    abstract  = {In this paper we present Foggy, an architectural framework and software platform based on Open Source technologies. Foggy orchestrates application workload, negotiates resources and supports IoT operations for multi-tier, distributed, heterogeneous and decentralized Cloud Computing systems. Foggy is tailored for emerging domains such as 5G Networks and IoT, which demand resources and services to be distributed and located close to data sources and users following the Fog Computing paradigm. Foggy provides a platform for infrastructure owners and tenants (i.e., application providers) offering functionality of negotiation, scheduling and workload placement taking into account traditional requirements (e.g. based on RAM, CPU, disk) and non-traditional ones (e.g. based on networking) as well as diversified constraints on location and access rights. Economics and pricing of resources can also be considered by the Foggy model in a near future. The ability of Foggy to find a trade-off between infrastructure owners' and tenants' needs, in terms of efficient and optimized use of the infrastructure while satisfying the application requirements, is demonstrated through three use cases in the video surveillance and vehicle tracking contexts},
}

@inproceedings{mohamed2017uavfog,
    author    = {Mohamed, Nader and Al-Jaroodi, Jameela and Jawhar, Imad and Noura, Hassan and Mahmoud, Sara},
    booktitle = {2017 IEEE SmartWorld, Ubiquitous Intelligence and Computing, Advanced and Trusted Computed, Scalable Computing and Communications, Cloud and Big Data Computing, Internet of People and Smart City Innovation (SmartWorld/SCALCOM/UIC/ATC/CBDCom/IOP/SCI)}, 
    title     = {{UAV}Fog: A {UAV}-based fog computing for Internet of Things}, 
    year      = {2017},
    volume    = {},
    number    = {},
    pages     = {1-8},
    doi       = {10.1109/UIC-ATC.2017.8397657},
    abstract  = {Fog computing technology can provide many advantages for supporting Internet of Thing (IoT) applications. These advantages include better low latency support, mobility, location awareness, scalability, and efficient integration with other systems such as cloud computing. At the same time, Unmanned Aerial Vehicle (UAV) technology has been significantly developed and used for many applications. UAVs can provide fast, cost-effective, and safe deployments for many civil and military applications. This paper proposes the UAV Fog, a UAV-based Fog computing platform for the Internet of Things applications. In this proposal, we aim to utilize the advantages and features of both technologies, Fog computing and UAVs, to effectively support some IoT applications. UAVFog provides fast deployment of fog capabilities at remote or challenging locations to effectively support dynamic IoT applications. A UAV equipped with fog computing capabilities travels to a specific location when needed and remains in that location to support the local IoT applications. In this paper, we discuss some scenarios for such deployments, their advantages, and the issues involved when using the proposed model.},
}

@article{sanchez2021uav,
    author         = {Sanchez-Aguero, Victor and Gonzalez, Luis F. and Valera, Francisco and Vidal, Ivan and López da Silva, Rafael A.},
    title          = {Cellular and Virtualization Technologies for {UAVs}: An Experimental Perspective},
    journal        = {Sensors},
    volume         = {21},
    year           = {2021},
    number         = {9},
    article-number = {3093},
    url            = {https://www.mdpi.com/1424-8220/21/9/3093},
    issn           = {1424-8220},
    DOI            = {10.3390/s21093093},
    abstract       = {The Unmanned Aircraft System (UAS) ecosystem is exponentially growing in both recreational and professional fields to provide novel services and applications to consumers from multiple engineering fields. However, this technology has only scraped the surface of its potential, especially in those cases that require fast reaction times. Accordingly, the UAS Traffic Management (UTM) project aims at efficiently managing the air traffic for Unmanned Aerial Vehicle (UAV) operations, including those cases where UAVs might be remotely managed from a completely different geographical location. With these considerations in mind, this article presents a cellular-assisted UAVs testbed used to complete a mission managed beyond the radio line-of-sight (BRLoS), as well as introducing a virtualization platform for deploying services using containerization technology. In addition, the article conducts a communication performance evaluation in order to determine if the testbed equipment meets the requirements to carry out this BRLoS management. Finally, indoor flight operations are carried out to demonstrate the feasibility and proper operation of the testbed.},
}

@article{tzanettis2022fusion,
    author = {Tzanettis, Ioannis and Androna, Christina-Maria and Zafeiropoulos, Anastasios and Fotopoulou, Eleni and Papavassiliou, Symeon},
    title = {Data Fusion of Observability Signals for Assisting Orchestration of Distributed Applications},
    journal = {Sensors},
    volume = {22},
    year= {2022},
    number= {5},
    article-number = {2061},
    url = {https://www.mdpi.com/1424-8220/22/5/2061},
    issn = {1424-8220},
    abstract = {Nowadays, various frameworks are emerging for supporting distributed tracing techniques over microservices-based distributed applications. The objective is to improve observability and management of operational problems of distributed applications, considering bottlenecks in terms of high latencies in the interaction among the deployed microservices. However, such frameworks provide information that is disjoint from the management information that is usually collected by cloud computing orchestration platforms. There is a need to improve observability by combining such information to easily produce insights related to performance issues and to realize root cause analyses to tackle them. In this paper, we provide a modern observability approach and pilot implementation for tackling data fusion aspects in edge and cloud computing orchestration platforms. We consider the integration of signals made available by various open-source monitoring and observability frameworks, including metrics, logs and distributed tracing mechanisms. The approach is validated in an experimental orchestration environment based on the deployment and stress testing of a proof-of-concept microservices-based application. Helpful results are produced regarding the identification of the main causes of latencies in the various application parts and the better understanding of the behavior of the application under different stressing conditions.},
    doi = {10.3390/s22052061}
}


